<collection xmlns="http://www.loc.gov/MARC21/slim">
<record>
  <leader>01019nam0a22002051i 450 </leader>
  <controlfield tag="001">IT\ICCU\CNCE\069237</controlfield>
  <controlfield tag="005">20070502000000.0</controlfield>
  <datafield tag="100" ind1=" " ind2=" ">
    <subfield code="a">20061219d1577        0itac0103    ba</subfield>
  </datafield>
  <datafield tag="101" ind1=" " ind2=" ">
    <subfield code="a">LAT</subfield>
  </datafield>
  <datafield tag="102" ind1=" " ind2=" ">
    <subfield code="a">IT</subfield>
  </datafield>
  <datafield tag="200" ind1="1" ind2=" ">
    <subfield code="a">R.P.F. Ioan Feri Ord Min Obser In sacrosanctum Iesuchristi Evangelium secundum Matthaeum commentaria Romae recognita, atque expurgata, &amp; S.D.N. Gregorii XIII</subfield>
  </datafield>
  <datafield tag="210" ind1=" " ind2=" ">
    <subfield code="a">Roma</subfield>
    <subfield code="c">in aedibus Populi Romani</subfield>
    <subfield code="d">1577</subfield>
  </datafield>
  <datafield tag="215" ind1=" " ind2=" ">
    <subfield code="a">2 v. 1: \42!, 1-636 p.; 2: 1-606, \18! p.</subfield>
    <subfield code="d">8? (16.5 cm)</subfield>
  </datafield>
  <datafield tag="300" ind1=" " ind2=" ">
    <subfield code="a">ANNULLATA cfr.: 33939Segn.: 1: +8, ++8, A-Z8, Aa-Rr8, Ss4. -  2: Aaa-Zzz8, Aaaa-Qqqq8. -  Sul front. nota di possesso ms.: &quot;Ex Bibliotheca S. Francisci Balneoregii&quot;. -  Ex libris Biblioteca S. Francesco a Bagnoregio</subfield>
  </datafield>
  <datafield tag="620" ind1=" " ind2=" ">
    <subfield code="a">IT</subfield>
    <subfield code="d">Roma</subfield>
  </datafield>
  <datafield tag="700" ind1=" " ind2="1">
    <subfield code="a">Wild,</subfield>
    <subfield code="b">Johann</subfield>
    <subfield code="3">IT\ICCU\CNCA\005039</subfield>
  </datafield>
  <datafield tag="712" ind1="0" ind2="2">
    <subfield code="a">s.n.</subfield>
    <subfield code="3">IT\ICCU\CNCT\000002</subfield>
    <subfield code="4">650</subfield>
  </datafield>
  <datafield tag="790" ind1=" " ind2="1">
    <subfield code="a">Ferus,</subfield>
    <subfield code="b">Johann</subfield>
    <subfield code="3">IT\ICCU\CNCA\005123</subfield>
    <subfield code="z">Wild, Johann</subfield>
  </datafield>
  <datafield tag="801" ind1=" " ind2="3">
    <subfield code="a">IT</subfield>
    <subfield code="b">ICCU</subfield>
    <subfield code="c">20201115</subfield>
  </datafield>
  <datafield tag="899" ind1=" " ind2=" ">
    <subfield code="a">Biblioteca archivio S. Francesco alla Rocca. Viterbo</subfield>
    <subfield code="1">VT0072</subfield>
    <subfield code="2">RMS M8</subfield>
  </datafield>
</record>
</collection>
